@book {BAxe94,
    AUTHOR = {Axelsson, Owe},
     TITLE = {Iterative Solution Methods},
 PUBLISHER = {Cambridge University Press},
   ADDRESS = {Cambridge},
      YEAR = {1994}
}

@article {Axe86,
    AUTHOR = {Axelsson, Owe and Lindskog, Gunhild},
     TITLE = {On the eigenvalue distribution of a class of preconditioning
              methods},
   JOURNAL = {Numer. Math.},
    VOLUME = {48},
      YEAR = {1986},
     PAGES = {479--498}
}

@article {Axe86b,
    AUTHOR = {Axelsson, Owe and Lindskog, Gunhild},
     TITLE = {On the rate of convergence of the preconditioned conjugate
              gradient method},
   JOURNAL = {Numer. Math.},
    VOLUME = {48},
      YEAR = {1986},
     PAGES = {499--523}
}

@article {Bebendorf03,
    AUTHOR = {Bebendorf, Mario and Hackbusch, Wolfgang},
     TITLE = {Existence of {$H$}-matrix approximants to the inverse
              {FE} matrix of elliptic operators with {$L^\infty$}-coefficients},
   JOURNAL = {Numer. Math.},
    VOLUME = {95},
      YEAR = {2003},
     PAGES = {1--28}
}

@article {Beckermann01,
    AUTHOR = {Beckermann, Bernhard and Kuijlaars, Arno B. J.},
     TITLE = {Superlinear convergence of conjugate gradients},
   JOURNAL = {SIAM J. Numer. Anal.},
    VOLUME = {39},
      YEAR = {2001},
     PAGES = {300--329}
}

@article {Beckermann02,
    AUTHOR = {Beckermann, Bernhard and Kuijlaars, Arno B. J.},
     TITLE = {Superlinear {CG} convergence for special right-hand sides},
      NOTE = {Special volume on orthogonal polynomials, approximation theory, and harmonic
              analysis (Inzell, 2000)},
   JOURNAL = {Electron. Trans. Numer. Anal.},
    VOLUME = {14},
      YEAR = {2002},
     PAGES = {1--19}
}

@article {Bra91,
     AUTHOR = {Bramble, James H. and Pasciak, Joseph E. and Wang, Jun
              and Xu, Jinchao},
     TITLE = {Convergence estimates for multigrid algorithms without
              regularity assumptions},
   JOURNAL = {Math. Comp.},
    VOLUME = {57},
      YEAR = {1991},
     PAGES = {23--45}
}

@article {Cai99,
    AUTHOR = {Cai, Xing and Nielsen, Bj{\o}rn Fredrik and Tveito, Aslak},
     TITLE = {An analysis of a preconditioner for the discretized pressure
              equation arising in reservoir simulation},
   JOURNAL = {IMA J. Numer. Anal.},
    VOLUME = {19},
      YEAR = {1999},
     PAGES = {291--316}
}

@article {Cha94,
    AUTHOR = {Chan, Tony F. and Mathew, Tarek P.},
     TITLE = {Domain decomposition algorithms},
   JOURNAL = {Acta Numer.},
     PAGES = {61--143},
      YEAR = {1994}
}

@incollection {Dry94b,
    AUTHOR = {Dryja, Maksymilian},
     TITLE = {Multilevel methods for elliptic problems with discontinuous
              coefficients in three dimensions},
 BOOKTITLE = {Domain Decomposition Methods in Scientific and Engineering
              Computing},
    EDITOR = {Keyes, D. E. and Xu, J.},
     PAGES = {43--47},
 PUBLISHER = {American Mathematical Society},
   ADDRESS = {Providence, RI},
      YEAR = {1994}
}

@article {Dry94,
    AUTHOR = {Dryja, Maksymilian and Sarkis, Marcus and Widlund, Olof B.},
     TITLE = {Multilevel {S}chwarz methods for elliptic problems with
              discontinuous coefficients in three dimensions},
   JOURNAL = {Numer. Math.},
    VOLUME = {72},
      YEAR = {1996},
     PAGES = {313--348}
}

@article {Gra99,
    AUTHOR = {Graham, I. G. and Hagger, M. J.},
     TITLE = {Unstructured additive {S}chwarz-conjugate gradient method for
              elliptic problems with highly discontinuous coefficients},
   JOURNAL = {SIAM J. Sci. Comput.},
    VOLUME = {20},
      YEAR = {1999},
     PAGES = {2041--2066}
}

@book {BGri81,
    AUTHOR = {Griffel, D. H.},
     TITLE = {Applied Functional Analysis},
 PUBLISHER = {Horwood},
   ADDRESS = {Chichester},
      YEAR = {1981}
}

@book {BHac94,
    AUTHOR = {Hackbusch, Wolfgang},
     TITLE = {Iterative Solution of Large Sparse Systems of Equations},
 PUBLISHER = {Springer},
   ADDRESS = {New York},
      YEAR = {1994}
}

@book {BLan99,
    AUTHOR = {Langtangen, Hans Petter},
     TITLE = {Computational Partial Differential Equations. Numerical
              Methods and Diffpack Programming},
 PUBLISHER = {Springer},
   ADDRESS = {Berlin},
      YEAR = {1999}
}

@book {BMar86,
    AUTHOR = {Marti, J. T.},
     TITLE = {Introduction to Sobolev Spaces and Finite Element Solution
              of Elliptic Boundary Value Problems},
 PUBLISHER = {Academic Press},
   ADDRESS = {London},
      YEAR = {1986}
}

@article {Naiman97,
    AUTHOR = {Naiman, Aaron E. and Babu{\v{s}}ka, Ivo M. and Elman, Howard C.},
     TITLE = {A note on conjugate gradient convergence},
   JOURNAL = {Numer. Math.},
    VOLUME = {76},
      YEAR = {1997},
     PAGES = {209--230}
}

@article {Naiman00,
    AUTHOR = {Naiman, Aaron E. and Engelberg, Shlomo},
     TITLE = {A note on conjugate gradient convergence. {II}, {III}},
   JOURNAL = {Numer. Math.},
    VOLUME = {85},
      YEAR = {2000},
     PAGES = {665--683, 685--696}
}


@book {BRoy89,
    AUTHOR = {Royden, H. L.},
     TITLE = {Real Analysis},
 PUBLISHER = {Macmillan},
   ADDRESS = {New York},
      YEAR = {1989}
}

@book {BStoe93,
    AUTHOR = {Stoer, J. and Bulirsch, R.},
     TITLE = {Introduction to Numerical Analysis},
 PUBLISHER = {Springer},
   ADDRESS = {New York},
      YEAR = {1993}
}

\endinput

% Other examples of reference formats from style notes

% BOOKS:

@book {Smith1:1990,
    AUTHOR = {Smith, M.},
     TITLE = {Simplified Stable Merging Tasks},
 PUBLISHER = {Oxford University Press},
   ADDRESS = {Oxford},
     PAGES = {1--10},
      YEAR = {1990}
}

@book {Smith2:1990,
    AUTHOR = {Smith, M.},
     TITLE = {Simplified Stable Merging Tasks},
 PUBLISHER = {Oxford University Press},
   ADDRESS = {Oxford},
    VOLUME = {3},
     PAGES = {1--10},
      YEAR = {1990}
}

@book {Smith3:1990,
    AUTHOR = {Smith, M.},
     TITLE = {Simplified Stable Merging Tasks},
 PUBLISHER = {Oxford University Press},
   ADDRESS = {Oxford},
    VOLUME = {3},
   EDITION = {2nd},
     PAGES = {1--10},
      YEAR = {1990}
}

%CHAPTERS IN BOOKS:

@incollection {Smith4:1990,
    AUTHOR = {Smith, M.},
     TITLE = {Merging tasks, simplified},
 BOOKTITLE = {Simplified Stable Merging Tasks},
    EDITOR = {Smith, M. E.},
 PUBLISHER = {Oxford University Press},
   ADDRESS = {Oxford},
     PAGES = {1--10},
      YEAR = {1990}
}

@incollection {Smith5:1990,
    AUTHOR = {Smith, M.},
     TITLE = {Merging tasks, simplified},
 BOOKTITLE = {Simplified Stable Merging Tasks},
    EDITOR = {Smith, M. E. and Clark, N. J.},
 PUBLISHER = {Oxford University Press},
   ADDRESS = {Oxford},
    VOLUME = {4},
     PAGES = {1--10},
      YEAR = {1990}
}

% CONFERENCE PROCEEDINGS:

@inproceedings {Smith6:1990,
    AUTHOR = {Smith, M.},
     TITLE = {Hot spot formation},
 BOOKTITLE = {Proceedings of the Heating Engineers},
    EDITOR = {Smith, M. E.},
 PUBLISHER = {Oxford University Press},
   ADDRESS = {Oxford},
     PAGES = {1--10},
      YEAR = {1990}
}

@proceedings {Smith7:1990,
    EDITOR = {Smith, M. E.},
 BOOKTITLE = {Proceedings of the Heating Engineers},
    SERIES = {The IMA Conference Series},
 PUBLISHER = {Oxford University Press},
   ADDRESS = {Oxford},
      YEAR = {1990}
}

% LECTURE SERIES:

@inproceedings {Smith8:1990,
    AUTHOR = {Smith, M.},
     TITLE = {Hot spot formation},
 BOOKTITLE = {Proceedings of the Heating Engineers},
    EDITOR = {Smith, M. E.},
    SERIES = {The IMA Conference Series},
 PUBLISHER = {Oxford University Press},
   ADDRESS = {Oxford},
     PAGES = {1--10},
      YEAR = {1990}
}

% THESES:

@phdthesis {Ngyen:1984,
    AUTHOR = {Ngyen, D. G.},
     TITLE = {Studies in warranty policies and product reliability},
    SCHOOL = {The University of Queensland},
   ADDRESS = {Australia},
      YEAR = {1984}
}

% TECHNICAL REPORTS:

@techreport {Bendsten_Yan:2002,
     AUTHOR = {Bendsten, M. and Yan, C. },
      TITLE = {{FADBAD}, a flexible {C++} package for automatic differentiation},
INSTITUTION = {Department of Mathematical Modelling, TU of Denmark},
       TYPE = {Technical Report IMM-REP-1997-01},
    ADDRESS = {Lungby},
       YEAR = {2002}
}

% LECTURE NOTES:

@book {Eisen:1979,
    AUTHOR = {Eisen, M.},
     TITLE = {Mathematical Models in Cell Biology and Cancer Chemotherapy},
 PUBLISHER = {Springer},
   ADDRESS = {New York},
    SERIES = {Lecture Notes in Biomathematics},
    VOLUME = {30},
      YEAR = {1979}
}

% EDITOR AS AN AUTHOR

@book {Yagg:1995,
    EDITOR = {Yagg, V.},
     TITLE = {Single Channel Recording},
 PUBLISHER = {Plenum},
   ADDRESS = {New York},
   EDITION = {2nd},
      YEAR = {1995}
}

% MONOGRAPH:

@incollection {Coloquin:1999,
    AUTHOR = {Coloquin, V. W.},
     TITLE = {Infinite matrices and projection methods},
 BOOKTITLE = {Lectures on Operator Theory and Its Applications},
 PUBLISHER = {American Mathematical Society},
   ADDRESS = {Providence, RI},
    SERIES = {Fields Institute Monographs},
      YEAR = {1999},
     PAGES = {70--102}
}

% IN PRESS:

@article {Edwards:2009,
    AUTHOR = {Edwards, D. A.},
     TITLE = {Steric hindrance effects on surface reactions: applications
              to {BIAcore}},
   JOURNAL = {J. Math. Biol.},
      YEAR = {2007},
      NOTE = {(in press)}
}
